%% Created using Papers on Wed, 05 Mar 2014.
%% http://papersapp.com/papers/

@article{Basha:2013ja,
author = {Basha, Omer and Tirman, Shoval and Eluk, Amir and Yeger-Lotem, Esti},
title = {{ResponseNet2.0: Revealing signaling and regulatory pathways connecting your proteins and genes--now with human data.}},
journal = {Nucleic Acids Research},
year = {2013},
volume = {41},
number = {Web Server issue},
pages = {W198--203},
month = jul
}

@article{Pavlogiannis:2013vy,
author = {Pavlogiannis, A and Mozhayskiy, V and al, et},
title = {{A flood-based information flow analysis and network minimization method for gene regulatory networks}},
journal = {BMC  {\ldots}},
year = {2013}
}

@article{Kim:2013js,
author = {Kim, Yoo-Ah and Przytycka, Teresa M},
title = {{Bridging the Gap between Genotype and Phenotype via Network Approaches}},
journal = {Front Genet},
year = {2013},
volume = {3}
}

@article{Babaei:2013fi,
author = {Babaei, Sepideh and Hulsman, Marc and Reinders, Marcel and de Ridder, Jeroen},
title = {{Detecting recurrent gene mutation in interaction network context using multi-scale graph diffusion.}},
journal = {BMC Bioinformatics},
year = {2013},
volume = {14},
pages = {29}
}

@article{Cho:2012er,
author = {Cho, Dong-Yeon and Kim, Yoo-Ah and Przytycka, Teresa M},
title = {{Chapter 5: Network Biology Approach to Complex Diseases}},
journal = {PLoS Comput Biol},
year = {2012},
volume = {8},
number = {12},
pages = {e1002820},
month = dec
}

@article{Stojmirovic:2012gc,
author = {Stojmirovi{\'c}, Aleksandar and Yu, Yi-Kuo},
title = {{Information flow in interaction networks II: channels, path lengths, and potentials.}},
journal = {Journal of Computational Biology},
year = {2012},
volume = {19},
number = {4},
pages = {379--403},
month = apr
}

@article{Kholodenko:2012ua,
author = {Kholodenko, B and Yaffe, M B and Kolch, W},
title = {{Computational approaches for analyzing information flow in biological networks}},
journal = {Science Signaling},
year = {2012}
}

@article{Bowsher:2012cn,
author = {Bowsher, Clive G and Swain, Peter S},
title = {{Identifying sources of variation and the flow of information in biochemical networks}},
journal = {Proc. Natl. Acad. Sci. U.S.A.},
year = {2012},
volume = {109},
number = {20},
pages = {E1320--E1328}
}

@article{Waltermann:2011ev,
author = {Waltermann, Christian and Klipp, Edda},
title = {{Biochimica et Biophysica Acta}},
journal = {BBA - General Subjects},
year = {2011},
volume = {1810},
number = {10},
pages = {924--932},
month = oct
}

@article{Chen:2011ew,
author = {Chen, Yong and Jiang, Tao and Jiang, Rui},
title = {{Uncover disease genes by maximizing information flow in the phenome-interactome network.}},
journal = {Bioinformatics},
year = {2011},
volume = {27},
number = {13},
pages = {i167--76},
month = jul
}

@article{Kim:2011dc,
author = {Kim, Yoo-Ah and Przytycki, Jozef H and Wuchty, Stefan and Przytycka, Teresa M},
title = {{Modeling information flow in biological networks}},
journal = {Phys. Biol.},
year = {2011},
volume = {8},
number = {3},
pages = {035012},
month = may
}

@article{Vandin:2011ix,
author = {Vandin, Fabio and Upfal, Eli and Raphael, Benjamin J},
title = {{Algorithms for detecting significantly mutated pathways in cancer.}},
journal = {Journal of Computational Biology},
year = {2011},
volume = {18},
number = {3},
pages = {507--522},
month = mar
}

@article{Vanunu:2010ee,
author = {Vanunu, Oron and Magger, Oded and Ruppin, Eytan and Shlomi, Tomer and Sharan, Roded},
title = {{Associating genes and protein complexes with disease via network propagation.}},
journal = {PLoS Comput Biol},
year = {2010},
volume = {6},
number = {1},
pages = {e1000641},
month = jan
}

@article{Park:2009ib,
author = {Park, Keunwan and Kim, Dongsup},
title = {{Localized network centrality and essentiality in the yeast-protein interaction network.}},
journal = {Proteomics},
year = {2009},
volume = {9},
number = {22},
pages = {5143--5154},
month = nov
}

@article{Masuda:2009ur,
author = {Masuda, Naoki and Kawamura, Yoji and Kori, Hiroshi},
title = {{Analysis of relative influence of nodes in directed networks.}},
journal = {Phys. Rev. E},
year = {2009},
volume = {80},
number = {4 Pt 2},
pages = {046114},
month = oct
}

@article{Missiuro:2009eu,
author = {Missiuro, Patrycja Vasilyev and Liu, Kesheng and Zou, Lihua and Ross, Brian C and Zhao, Guoyan and Liu, Jun S and Ge, Hui},
title = {{Information flow analysis of interactome networks.}},
journal = {PLoS Comput Biol},
year = {2009},
volume = {5},
number = {4},
pages = {e1000350},
month = apr
}

@article{Zotenko:2008gt,
author = {Zotenko, Elena and Mestre, Julian and O'Leary, Dianne P and Przytycka, Teresa M},
title = {{Why Do Hubs in the Yeast Protein Interaction Network Tend To Be Essential: Reexamining the Connection between the Network Topology and Essentiality}},
journal = {PLoS Comput Biol},
year = {2008},
volume = {4},
number = {8},
pages = {e1000140},
month = aug
}

@article{Kohler:2008ck,
author = {K{\"o}hler, Sebastian and Bauer, Sebastian and Horn, Denise and Robinson, Peter N},
title = {{Walking the interactome for prioritization of candidate disease genes.}},
journal = {Am. J. Hum. Genet.},
year = {2008},
volume = {82},
number = {4},
pages = {949--958},
month = apr
}

@article{Rosvall:2008fi,
author = {Rosvall, Martin and Bergstrom, Carl T},
title = {{Maps of random walks on complex networks reveal community structure.}},
journal = {Proceedings of the National Academy of Sciences},
year = {2008},
volume = {105},
number = {4},
pages = {1118--1123},
month = jan
}

@article{Stojmirovic:2007eg,
author = {Stojmirovi{\'c}, Aleksandar and Yu, Yi-Kuo},
title = {{Information Flow in Interaction Networks}},
journal = {Journal of Computational Biology},
year = {2007},
volume = {14},
number = {8},
pages = {1115--1143},
month = oct
}

@article{Kimura:2007tl,
author = {Kimura, Masahiro and Saito, Kazumi and Nakano, Ryohei},
title = {{Extracting Influential Nodes for Information Diffusion on a Social Network}},
year = {2007},
pages = {1--6},
month = may
}

@article{Tu:2006hr,
author = {Tu, Zhidong and Wang, Li and Arbeitman, Michelle N and Chen, Ting and Sun, Fengzhu},
title = {{An integrative approach for causal gene identification and gene regulatory pathway inference.}},
journal = {Bioinformatics},
year = {2006},
volume = {22},
number = {14},
pages = {e489--96},
month = jul
}

@article{Nabieva:2005bz,
author = {Nabieva, Elena and Jim, Kam and Agarwal, Amit and Chazelle, Bernard and Singh, Mona},
title = {{Whole-proteome prediction of protein function via graph-theoretic analysis of interaction maps.}},
journal = {Bioinformatics (Oxford, England)},
year = {2005},
volume = {21 Suppl 1},
pages = {i302--10},
month = jun
}

@article{Borgatti:2005je,
author = {Borgatti, Stephen P},
title = {{Centrality and network flow}},
journal = {Social Networks},
year = {2005},
volume = {27},
number = {1},
pages = {55--71},
month = jan
}

@article{Kempe:2005un,
author = {Kempe, D and Kleinberg, J and Tardos, {\'E}},
title = {{Influential nodes in a diffusion model for social networks}},
journal = {Automata},
year = {2005}
}

@article{Newman:2003vv,
author = {Newman, M E J},
title = {{A measure of betweenness centrality based on random walks}},
year = {2003},
month = sep
}

@article{Enright:2002uq,
author = {Enright, A J and Van Dongen, S and Ouzounis, C A},
title = {{An efficient algorithm for large-scale detection of protein families.}},
journal = {Nucleic Acids Research},
year = {2002},
volume = {30},
number = {7},
pages = {1575--1584},
month = apr
}

@article{Freeman:1991gk,
author = {Freeman, Linton C and Borgatti, Stephen P and White, Douglas R},
title = {{Centrality in valued graphs: A measure of betweenness based on network flow}},
journal = {Social Networks},
year = {1991},
volume = {13},
number = {2},
pages = {141--154},
month = jun
}

@article{Dawson:1975tp,
author = {Dawson, D A},
title = {{Information flow in graphs}},
journal = {Stochastic Processes and their Applications},
year = {1975},
volume = {3},
number = {2},
pages = {137--151}
}

